@article{clark1989analysis,
	title={An analysis of TCP processing overhead},
	author={Clark, David D and Jacobson, Van and Romkey, John and Salwen, Howard},
	journal={IEEE Communications magazine},
	volume={27},
	number={6},
	pages={23--29},
	year={1989},
	publisher={IEEE}
}

@inproceedings{han2010packetshader,
	title={PacketShader: a GPU-accelerated software router},
	author={Han, Sangjin and Jang, Keon and Park, KyoungSoo and Moon, Sue},
	booktitle={ACM SIGCOMM Computer Communication Review},
	volume={40},
	number={4},
	pages={195--206},
	year={2010},
	organization={ACM}
}

@inproceedings{boyd2008corey,
  title={Corey: An Operating System for Many Cores.},
  author={Boyd-Wickizer, Silas and Chen, Haibo and Chen, Rong and Mao, Yandong and Kaashoek, M Frans and Morris, Robert and Pesterev, Aleksey and Stein, Lex and Wu, Ming and Dai, Yue-hua and others},
  booktitle={OSDI},
  volume={8},
  pages={43--57},
  year={2008}
}

c
@inproceedings{baumann2009multikernel,
  title={The multikernel: a new OS architecture for scalable multicore systems},
  author={Baumann, Andrew and Barham, Paul and Dagand, Pierre-Evariste and Harris, Tim and Isaacs, Rebecca and Peter, Simon and Roscoe, Timothy and Sch{\"u}pbach, Adrian and Singhania, Akhilesh},
  booktitle={Proceedings of the ACM SIGOPS 22nd symposium on Operating systems principles},
  pages={29--44},
  year={2009},
  organization={ACM}
}

@article{bailis2016introducing,
	title={Introducing research for practice},
	author={Bailis, Peter and Sherry, Justine and Peter, Simon},
	journal={Queue},
	volume={14},
	number={2},
	pages={70},
	year={2016},
	publisher={ACM}
}

@inproceedings{niu2017network,
	title={Network Stack as a Service in the Cloud},
	author={Niu, Zhixiong and Xu, Hong and Han, Dongsu and Cheng, Peng and Xiong, Yongqiang and Chen, Guo and Winstein, Keith},
	booktitle={Proceedings of the 16th ACM Workshop on Hot Topics in Networks},
	pages={65--71},
	year={2017},
	organization={ACM}
}

@article{peter2016arrakis,
  title={Arrakis: The operating system is the control plane},
  author={Peter, Simon and Li, Jialin and Zhang, Irene and Ports, Dan RK and Woos, Doug and Krishnamurthy, Arvind and Anderson, Thomas and Roscoe, Timothy},
  journal={ACM Transactions on Computer Systems (TOCS)},
  volume={33},
  number={4},
  pages={11},
  year={2016},
  publisher={ACM}
}


@article{belay2017ix,
	title={The IX operating system: Combining low latency, high throughput, and efficiency in a protected dataplane},
	author={Belay, Adam and Prekas, George and Primorac, Mia and Klimovic, Ana and Grossman, Samuel and Kozyrakis, Christos and Bugnion, Edouard},
	journal={ACM Transactions on Computer Systems (TOCS)},
	volume={34},
	number={4},
	pages={11},
	year={2017},
	publisher={ACM}
}

@misc{rpclib,
	title={rpclib - modern msgpack-rpc for C++},
	note={Available at \url{http://rpclib.net}},
	year={2019}
}

@inproceedings{palkar2015e2,
  title={E2: a framework for NFV applications},
  author={Palkar, Shoumik and Lan, Chang and Han, Sangjin and Jang, Keon and Panda, Aurojit and Ratnasamy, Sylvia and Rizzo, Luigi and Shenker, Scott},
  booktitle={Proceedings of the 25th Symposium on Operating Systems Principles},
  pages={121--136},
  year={2015},
  organization={ACM}
}

@inproceedings{panda2016netbricks,
  title={NetBricks: Taking the V out of NFV.},
  author={Panda, Aurojit and Han, Sangjin and Jang, Keon and Walls, Melvin and Ratnasamy, Sylvia and Shenker, Scott},
  booktitle={OSDI},
  pages={203--216},
  year={2016}
}

@inproceedings{tsai2016study,
  title={A study of modern Linux API usage and compatibility: what to support when you're supporting},
  author={Tsai, Chia-Che and Jain, Bhushan and Abdul, Nafees Ahmed and Porter, Donald E},
  booktitle={Proceedings of the Eleventh European Conference on Computer Systems},
  pages={16},
  year={2016},
  organization={ACM}
}

@inproceedings{huang2017high,
  title={LOS: A High Performance and Compatible User-level Network Operating System},
  author={Huang, Yukai and Geng, Jinkun and Lin, Du and Wang, Bin and Li, Junfeng and Ling, Ruilin and Li, Dan},
  booktitle={Proceedings of the First Asia-Pacific Workshop on Networking},
  pages={50--56},
  year={2017},
  organization={ACM}
}


@inproceedings{zhu2015congestion,
	title={Congestion control for large-scale RDMA deployments},
	author={Zhu, Yibo and Eran, Haggai and Firestone, Daniel and Guo, Chuanxiong and Lipshteyn, Marina and Liron, Yehonatan and Padhye, Jitendra and Raindel, Shachar and Yahia, Mohamad Haj and Zhang, Ming},
	booktitle={ACM SIGCOMM Computer Communication Review},
	volume={45},
	number={4},
	pages={523--536},
	year={2015},
	organization={ACM}
}

@inproceedings{guo2016rdma,
	author = {Guo, Chuanxiong and Wu, Haitao and Deng, Zhong and Soni, Gaurav and Ye, Jianxi and Padhye, Jitu and Lipshteyn, Marina},
	title = {RDMA over Commodity Ethernet at Scale},
	booktitle = {Proceedings of the 2016 ACM SIGCOMM Conference},
	series = {SIGCOMM '16},
	year = {2016},
	isbn = {978-1-4503-4193-6},
	location = {Florianopolis, Brazil},
	pages = {202--215},
	numpages = {14},
	url = {http://doi.acm.org/10.1145/2934872.2934908},
	doi = {10.1145/2934872.2934908},
	acmid = {2934908},
	publisher = {ACM},
	address = {New York, NY, USA},
	keywords = {Deadlock, PFC, PFC propagation, RDMA, RoCEv2},
} 


@inproceedings{lu2017memory,
	title={Memory Efficient Loss Recovery for Hardware-based Transport in Datacenter},
	author={Lu, Yuanwei and Chen, Guo and Ruan, Zhenyuan and Xiao, Wencong and Li, Bojie and Zhang, Jiansong and Xiong, Yongqiang and Cheng, Peng and Chen, Enhong},
	booktitle={Proceedings of the First Asia-Pacific Workshop on Networking},
	pages={22--28},
	year={2017},
	organization={ACM}
}

@inproceedings{mprdma,
	author = {Yuanwei Lu and Guo Chen and Bojie Li and Kun Tan and Yongqiang Xiong and Peng Cheng and Jiansong Zhang and Enhong Chen and Thomas Moscibroda},
	title = {Multi-Path Transport for {RDMA} in Datacenters},
	booktitle = {15th {USENIX} Symposium on Networked Systems Design and Implementation ({NSDI} 18)},
	year = {2018},
	isbn = {978-1-931971-43-0},
	address = {Renton, WA},
	pages = {357--371},
	publisher = {{USENIX} Association},
}

@inproceedings {partitionable,
	author = {Shinae Woo and Justine Sherry and Sangjin Han and Sue Moon and Sylvia Ratnasamy and Scott Shenker},
	title = {Elastic Scaling of Stateful Network Functions},
	booktitle = {15th {USENIX} Symposium on Networked Systems Design and Implementation ({NSDI} 18)},
	year = {2018},
	isbn = {978-1-931971-43-0},
	address = {Renton, WA},
	pages = {299--312},
	publisher = {{USENIX} Association},
}

@inproceedings{lin2016scalable,
  title={Scalable kernel tcp design and implementation for short-lived connections},
  author={Lin, Xiaofeng and Chen, Yu and Li, Xiaodong and Mao, Junjie and He, Jiaquan and Xu, Wei and Shi, Yuanchun},
  booktitle={ACM SIGPLAN Notices},
  volume={51},
  number={4},
  pages={339--352},
  year={2016},
  organization={ACM}
}

@inproceedings{lim2014mica,
  title={MICA: A holistic approach to fast in-memory key-value storage},
  author={Lim, Hyeontaek and Han, Donsu and Andersen, David G and Kaminsky, Michael},
  year={2014},
  organization={USENIX}
}

@inproceedings{li2016clicknp,
  title={Clicknp: Highly flexible and high-performance network processing with reconfigurable hardware},
  author={Li, Bojie and Tan, Kun and Luo, Layong Larry and Peng, Yanqing and Luo, Renqian and Xu, Ningyi and Xiong, Yongqiang and Cheng, Peng},
  booktitle={Proceedings of the 2016 conference on ACM SIGCOMM 2016 Conference},
  pages={1--14},
  year={2016},
  organization={ACM}
}

@inproceedings{dragojevic2014farm,
  title={FaRM: Fast remote memory},
  author={Dragojevi{\'c}, Aleksandar and Narayanan, Dushyanth and Hodson, Orion and Castro, Miguel},
  booktitle={Proceedings of the 11th USENIX Conference on Networked Systems Design and Implementation},
  pages={401--414},
  year={2014}
}

@inproceedings{kalia2014using,
	title={Using RDMA efficiently for key-value services},
	author={Kalia, Anuj and Kaminsky, Michael and Andersen, David G},
	booktitle={ACM SIGCOMM Computer Communication Review},
	volume={44},
	number={4},
	pages={295--306},
	year={2014},
	organization={ACM}
}

@misc{ipc-bench,
  title={IPC benchmark},
  author={Computer Laboratory, University of Cambridge},
  note={Available at \url{https://www.cl.cam.ac.uk/research/srg/netos/projects/ipc-bench/}},
  year={2019}
}

@misc{intel-manual,
  title={Intel 64 and IA-32 Architectures Software Developer Manual, Volume 3},
  author={Intel Corporation},
  year={2019}
}

@misc{arista-7060cx,
	title={Arista 7060X Series},
	author={Arista},
	note={Available at \url{https://www.arista.com/en/products/7060x-series}},
	year={2019}
}

@article{sewell2010x86,
	title={x86-TSO: a rigorous and usable programmer's model for x86 multiprocessors},
	author={Sewell, Peter and Sarkar, Susmit and Owens, Scott and Nardelli, Francesco Zappa and Myreen, Magnus O},
	journal={Communications of the ACM},
	volume={53},
	number={7},
	pages={89--97},
	year={2010},
	publisher={ACM}
}

@misc{mellanox-zerocopy,
	title={Physical Address Memory Region},
	author={Mellanox Technologies},
	note={Available at \url{https://community.mellanox.com/docs/DOC-2480}},
	year={2019}
}

@misc{mellanox-bluefield,
	title={Mellanox BlueField(TM) SmartNIC VPI},
	author={Mellanox Technologies},
	note={Available at \url{http://www.mellanox.com/page/bluefield_smartnic_vpi?mtag=smartnic_vpi1}},
	year={2019}
}

@misc{mellanox-innova,
	title={Mellanox Innova(TM)-2 Flex Open Programmable SmartNIC},
	author={Mellanox Technologies},
	note={Available at \url{http://www.mellanox.com/page/products_dyn?product_family=276&mtag=programmable_adapter_cards_innova2flex}},
	year={2019}
}

@inproceedings{kaminsky2016design,
  title={Design guidelines for high performance RDMA systems},
  author={Kaminsky, Anuj Kalia Michael and Andersen, David G},
  booktitle={2016 USENIX Annual Technical Conference},
  pages={437},
  year={2016}
}

@inproceedings{nsdi19freeflow,
	author = {Daehyeok Kim and Tianlong Yu and Hongqiang Harry Liu and Yibo Zhu and Jitu Padhye and Shachar Raindel and Chuanxiong Guo and Vyas Sekar and Srinivasan Seshan},
	title = {FreeFlow: Software-based Virtual RDMA Networking for Containerized Clouds},
	booktitle = {16th USENIX Symposium on Networked Systems Design and Implementation (NSDI 19)},
	year = {2019},
	address = {Boston, MA},
	publisher = {USENIX Association},
}

@inproceedings{slim,
	author = {Danyang Zhuo and Kaiyuan Zhang and Yibo Zhu and Hongqiang Harry Liu and Matthew Rockett and Arvind Krishnamurthy and Thomas Anderson},
	title = {Slim: OS Kernel Support for a Low-Overhead Container Overlay Network},
	booktitle = {16th USENIX Symposium on Networked Systems Design and Implementation (NSDI 19)},
	year = {2019},
	address = {Boston, MA},
	publisher = {USENIX Association},
}

@misc{networking2004network,
  title={Network Protocol Offload—Introducing TCP Chimney},
  author={Networking, Scalable},
  year={2004},
  publisher={WinHEC}
}

@inproceedings{rizzo2012netmap,
  title={Netmap: a novel framework for fast packet I/O},
  author={Rizzo, Luigi},
  booktitle={21st USENIX Security Symposium (USENIX Security 12)},
  pages={101--112},
  year={2012}
}

@inproceedings{rizzo2012vale,
  title={Vale, a switched ethernet for virtual machines},
  author={Rizzo, Luigi and Lettieri, Giuseppe},
  booktitle={Proceedings of the 8th international conference on Emerging networking experiments and technologies},
  pages={61--72},
  year={2012},
  organization={ACM}
}

@inproceedings{kaufmann2015flexnic,
  title={FlexNIC: Rethinking Network DMA.},
  author={Kaufmann, Antoine and Peter, Simon and Anderson, Thomas E and Krishnamurthy, Arvind},
  booktitle={HotOS},
  year={2015}
}

@article{Kocher2018spectre,
	author = {Kocher, Paul and Genkin, Daniel and Gruss, Daniel and Haas, Werner and Hamburg, Mike and Lipp, Moritz and Mangard, Stefan and Prescher, Thomas and Schwarz, Michael and Yarom, Yuval},
	title = {Spectre Attacks: Exploiting Speculative Execution},
	journal = {ArXiv e-prints},
	archivePrefix = "arXiv",
	eprint = {1801.01203},
	year = 2018,
	month = jan,
} 

@article{Lipp2018meltdown,
	author = {Lipp, Moritz and Schwarz, Michael and Gruss, Daniel and Prescher, Thomas and Haas, Werner and Mangard, Stefan and Kocher, Paul and Genkin, Daniel and Yarom, Yuval and Hamburg, Mike},
	title = {Meltdown},
	journal = {ArXiv e-prints},
	archivePrefix = "arXiv",
	eprint = {1801.01207},
	year = 2018,
	month = jan,
}

@inproceedings {kalia2018datacenter,
	author = {Anuj Kalia and Michael Kaminsky and David Andersen},
	title = {Datacenter RPCs can be General and Fast},
	booktitle = {16th {USENIX} Symposium on Networked Systems Design and Implementation ({NSDI} 19)},
	year = {2019},
	address = {Boston, MA},
	publisher = {{USENIX} Association},
}

@inproceedings{kalia2016fasst,
	title={FaSST: Fast, Scalable and Simple Distributed Transactions with Two-Sided (RDMA) Datagram RPCs.},
	author={Kalia, Anuj and Kaminsky, Michael and Andersen, David G},
	booktitle={OSDI},
	volume={16},
	pages={185--201},
	year={2016}
}

@inproceedings{nishtala2013scaling,
	title={Scaling Memcache at Facebook.},
	author={Nishtala, Rajesh and Fugal, Hans and Grimm, Steven and Kwiatkowski, Marc and Lee, Herman and Li, Harry C and McElroy, Ryan and Paleczny, Mike and Peek, Daniel and Saab, Paul and others},
	booktitle={nsdi},
	volume={13},
	pages={385--398},
	year={2013}
}

@inproceedings{jang2011sslshader,
	title={SSLShader: Cheap SSL Acceleration with Commodity Processors.},
	author={Jang, Keon and Han, Sangjin and Han, Seungyeop and Moon, Sue B and Park, KyoungSoo},
	booktitle={NSDI},
	year={2011}
}

@inproceedings{ihm2011towards,
	title={Towards understanding modern web traffic},
	author={Ihm, Sunghwan and Pai, Vivek S},
	booktitle={Proceedings of the 2011 ACM SIGCOMM conference on Internet measurement conference},
	pages={295--312},
	year={2011},
	organization={ACM}
}

@article{kpti,
	author = {Jonathan Corbet},
	title = {KAISER: hiding the kernel from user space},
	note = {Available at \url{https://lwn.net/Articles/738975/}},
	year = 2017,
	month = nov,
}

@misc{libvma,
	title = {Messaging Accelerator (VMA)},
	author = {Mellanox},
	note = {Available at \url{https://github.com/mellanox/libvma}},
	year={2019}
}

@misc{mellanox,
	title = {Mellanox Adapters Programmer's Reference
	Manual (PRM)},
	note = {Available at \url{http://www.mellanox.com/related-docs/user_manuals/Ethernet_Adapters_Programming_Manual.pdf}},
	year={2019}
}

@techreport{openonload,
	title={Introduction to OpenOnload—Building Application Transparency and Protocol Conformance into Application Acceleration Middleware},
	author={Pope, Steve and Riddoch, David},
	year={2011}
}

@misc{dbl,
	title={Myricom DBL},
	note={Available at \url{https://www.cspi.com/ethernet-products/software/dbl/}},
	year={2019}
}

@inproceedings{russell2008extended,
	title={The extended sockets interface for accessing rdma hardware},
	author={Russell, Robert},
	booktitle={Proceedings of the 20th IASTED International Conference on Parallel and Distributed Computing and Systems (PDCS 2008)},
	pages={279--284},
	year={2008},
	organization={Nov}
}

@article{spdk,
	title = {Storage Performance Development Kit},
	note = {Available at \url{http://www.spdk.io/}},
	year={2019}
}


@misc{fstack,
	title={High-Performance Network Framework Based on DPDK},
	note={Available at \url{http://f-stack.org/}},
	year={2019}
}

@misc{seastar,
	title={Seastar: High-Performance Server-side Application Framework},
	note={Available at \url{http://seastar.io/}},
	year={2019}
}

@misc{dpdk,
	title={Data plane development kit},
	author={Intel},
	year={2014},
	note = {Available at \url{https://dpdk.org/}},
	year={2019}
}

@misc{pf-ring,
	title={PF\_RING},
	note={Available at \url{http://www.ntop.org}},
	year={2019}
}

@misc{cavium,
	title={Cavium LiquidIO II SmartNICs},
	note={Available at \url{https://www.cavium.com/product-liquidio-adapters.html}},
	year={2019}
}

@misc{apache,
	title={Apache HTTP Server},
	note={Available at 
	\url{https://httpd.apache.org/}},
	year={2019}
}

@misc{php-fpm,
	title={FastCGI Process Manager for PHP},
	note={Available at \url{https://php-fpm.org}},
	year={2019}
}

@misc{python-gunicorn,
	title={Python WSGI HTTP Server for UNIX},
	note={Available at \url{https://gunicorn.org}},
	year={2019}
}

@misc{vsftpd,
	title={vsftpd},
	note={Available at \url{https://security.appspot.com/vsftpd.html}},
	year={2019}
}


@inproceedings{boyd2010analysis,
	title={An Analysis of Linux Scalability to Many Cores.},
	author={Boyd-Wickizer, Silas and Clements, Austin T and Mao, Yandong and Pesterev, Aleksey and Kaashoek, M Frans and Morris, Robert and Zeldovich, Nickolai and others},
	booktitle={OSDI},
	volume={10},
	number={13},
	pages={86--93},
	year={2010}
}

@inproceedings {andromeda,
	author = {Michael Dalton and David Schultz and Jacob Adriaens and Ahsan Arefin and Anshuman Gupta and Brian Fahs and Dima Rubinstein and Enrique Cauich Zermeno and Erik Rubow and James Alexander Docauer and Jesse Alpert and Jing Ai and Jon Olson and Kevin DeCabooter and Marc de Kruijf and Nan Hua and Nathan Lewis and Nikhil Kasinadhuni and Riccardo Crepaldi and Srinivas Krishnan and Subbaiah Venkata and Yossi Richter and Uday Naik and Amin Vahdat},
	title = {Andromeda: Performance, Isolation, and Velocity at Scale in Cloud Network Virtualization},
	booktitle = {15th {USENIX} Symposium on Networked Systems Design and Implementation ({NSDI} 18)},
	year = {2018},
	isbn = {978-1-931971-43-0},
	address = {Renton, WA},
	pages = {373--387},
	publisher = {{USENIX} Association},
}

@inproceedings{nishtala2013scaling,
	title={Scaling Memcache at Facebook.},
	author={Nishtala, Rajesh and Fugal, Hans and Grimm, Steven and Kwiatkowski, Marc and Lee, Herman and Li, Harry C and McElroy, Ryan and Paleczny, Mike and Peek, Daniel and Saab, Paul and others},
	booktitle={nsdi},
	volume={13},
	pages={385--398},
	year={2013}
}

@misc{graham2013c10m,
	title={The C10M problem},
	author={Graham, Robert},
	year={2013}
}

@inproceedings{chu1996zero,
	title={Zero-copy TCP in Solaris},
	author={Chu, Hsiao-keng Jerry},
	booktitle={Proceedings of the 1996 annual conference on USENIX Annual Technical Conference},
	pages={21--21},
	year={1996},
	organization={Usenix Association}
}

@inproceedings{vilanova2017direct,
	title={Direct Inter-Process Communication (dIPC): Repurposing the CODOMs Architecture to Accelerate IPC},
	author={Vilanova, Llus and Jorda, Marc and Navarro, Nacho and Etsion, Yoav and Valero, Mateo},
	booktitle={Proceedings of the Twelfth European Conference on Computer Systems},
	pages={16--31},
	year={2017},
	organization={ACM}
}

@book{thadani1995efficient,
	title={An efficient zero-copy I/O framework for UNIX},
	author={Thadani, Moti N and Khalidi, Yousef A},
	year={1995},
	publisher={Sun Microsystems Laboratories}
}

@inproceedings{mitchell2013using,
	title={Using One-Sided RDMA Reads to Build a Fast, CPU-Efficient Key-Value Store.},
	author={Mitchell, Christopher and Geng, Yifeng and Li, Jinyang},
	booktitle={USENIX Annual Technical Conference},
	pages={103--114},
	year={2013}
}


@inproceedings{tsai2017lite,
	title={Lite kernel rdma support for datacenter applications},
	author={Tsai, Shin-Yeh and Zhang, Yiying},
	booktitle={Proceedings of the 26th Symposium on Operating Systems Principles},
	pages={306--324},
	year={2017},
	organization={ACM}
}

@inproceedings{roghanchi2017ffwd,
	title={ffwd: delegation is (much) faster than you think},
	author={Roghanchi, Sepideh and Eriksson, Jakob and Basu, Nilanjana},
	booktitle={Proceedings of the 26th Symposium on Operating Systems Principles},
	pages={342--358},
	year={2017},
	organization={ACM}
}

@inproceedings{martins2014clickos,
	title={ClickOS and the art of network function virtualization},
	author={Martins, Joao and Ahmed, Mohamed and Raiciu, Costin and Olteanu, Vladimir and Honda, Michio and Bifulco, Roberto and Huici, Felipe},
	booktitle={Proceedings of the 11th USENIX Conference on Networked Systems Design and Implementation},
	pages={459--473},
	year={2014},
	organization={USENIX Association}
}

@book{hintjens2013zeromq,
	title={ZeroMQ: messaging for many applications},
	author={Hintjens, Pieter},
	year={2013},
	publisher={" O'Reilly Media, Inc."}
}

@article{rabbitmq2017rabbitmq,
	title={RabbitMQ-Messaging that just works},
	author={RabbitMQ, Apache},
	journal={URL: https://www.rabbitmq.com},
	year={2017}
}

@inproceedings{kreps2011kafka,
	title={Kafka: A distributed messaging system for log processing},
	author={Kreps, Jay and Narkhede, Neha and Rao, Jun and others},
	booktitle={Proceedings of the NetDB},
	pages={1--7},
	year={2011}
}

@inproceedings{li2017kv,
	title={KV-Direct: High-Performance In-Memory Key-Value Store with Programmable NIC},
	author={Li, Bojie and Ruan, Zhenyuan and Xiao, Wencong and Lu, Yuanwei and Xiong, Yongqiang and Putnam, Andrew and Chen, Enhong and Zhang, Lintao},
	booktitle={Proceedings of the 26th Symposium on Operating Systems Principles},
	pages={137--152},
	year={2017},
	organization={ACM}
}

@article{rsockets,
 	title={rsocket(7) - linux man page.},
 	url={https://linux.die.net/man/7/},
 	year={2019}
}

@article{socketsdirect,
	title={Sockets Direct Protocol V1. 0 RDMA Consortium},
	author={Pinkerton, Jim},
	year={2019}
}

@article{linux-zero-copy,
	title={Zero-copy networking},
	author={Jonathan Corbet},
	url={https://lwn.net/Articles/726917/},
	year={2017}
}

@inproceedings{jeong2014mtcp,
	title={mTCP: a Highly Scalable User-level TCP Stack for Multicore Systems.},
	author={Jeong, EunYoung and Woo, Shinae and Jamshed, Muhammad Asim and Jeong, Haewon and Ihm, Sunghwan and Han, Dongsu and Park, KyoungSoo},
	booktitle={NSDI},
	volume={14},
	pages={489--502},
	year={2014}
}

@inproceedings{yasukata2016stackmap,
	title={StackMap: Low-Latency Networking with the OS Stack and Dedicated NICs.},
	author={Yasukata, Kenichi and Honda, Michio and Santry, Douglas and Eggert, Lars},
	booktitle={USENIX Annual Technical Conference},
	pages={43--56},
	year={2016}
}

@inproceedings{han2012megapipe,
	title={MegaPipe: A New Programming Interface for Scalable Network I/O.},
	author={Han, Sangjin and Marshall, Scott and Chun, Byung-Gon and Ratnasamy, Sylvia},
	booktitle={OSDI},
	volume={12},
	pages={135--148},
	year={2012}
}


@inproceedings{soares2010flexsc,
	title={FlexSC: Flexible system call scheduling with exception-less system calls},
	author={Soares, Livio and Stumm, Michael},
	booktitle={Proceedings of the 9th USENIX conference on Operating systems design and implementation},
	pages={33--46},
	year={2010},
	organization={USENIX Association}
}

@inproceedings{vasudevan2011case,
	title={The Case for VOS: The Vector Operating System.},
	author={Vasudevan, Vijay and Andersen, David G and Kaminsky, Michael},
	booktitle={HotOS},
	year={2011}
}

@inproceedings{marinos2014network,
	title={Network stack specialization for performance},
	author={Marinos, Ilias and Watson, Robert NM and Handley, Mark},
	booktitle={ACM SIGCOMM Computer Communication Review},
	volume={44},
	number={4},
	pages={175--186},
	year={2014},
	organization={ACM}
}

@inproceedings{stuedi2014darpc,
	title={DaRPC: Data center rpc},
	author={Stuedi, Patrick and Trivedi, Animesh and Metzler, Bernard and Pfefferle, Jonas},
	booktitle={Proceedings of the ACM Symposium on Cloud Computing},
	pages={1--13},
	year={2014},
	organization={ACM}
}

@inproceedings{belay2012dune,
	title={Dune: Safe User-level Access to Privileged CPU Features.},
	author={Belay, Adam and Bittau, Andrea and Mashtizadeh, Ali Jos{\'e} and Terei, David and Mazi{\`e}res, David and Kozyrakis, Christos},
	booktitle={Osdi},
	volume={12},
	pages={335--348},
	year={2012}
}

@article{clements2015scalable,
	title={The scalable commutativity rule: Designing scalable software for multicore processors},
	author={Clements, Austin T and Kaashoek, M Frans and Zeldovich, Nickolai and Morris, Robert T and Kohler, Eddie},
	journal={ACM Transactions on Computer Systems (TOCS)},
	volume={32},
	number={4},
	pages={10},
	year={2015},
	publisher={ACM}
}

@phdthesis{boyd2014optimizing,
	title={Optimizing Communication Bottlenecks in Multiprocessor Operating System Kernels},
	author={Boyd-Wickizer, Silas},
	year={2014},
	school={Massachusetts Institute of Technology}
}

@article{dunkels2001design,
	title={Design and Implementation of the lwIP TCP/IP Stack},
	author={Dunkels, Adam},
	journal={Swedish Institute of Computer Science},
	volume={2},
	pages={77},
	year={2001}
}

@inproceedings{madhavapeddy2013unikernels,
	title={Unikernels: Library operating systems for the cloud},
	author={Madhavapeddy, Anil and Mortier, Richard and Rotsos, Charalampos and Scott, David and Singh, Balraj and Gazagnaire, Thomas and Smith, Steven and Hand, Steven and Crowcroft, Jon},
	booktitle={Acm Sigplan Notices},
	volume={48},
	number={4},
	pages={461--472},
	year={2013},
	organization={ACM}
}

@article{libevent,
	title={libevent: An event notification library},
	author={Mathewson, Nick and Provos, Niels},
	journal={Retrieved on Nov},
	year={2017}
}

@inproceedings {metron2018nsdi,
	author = {Georgios P. Katsikas and Tom Barbette and Dejan Kosti{\'c} and Rebecca Steinert and Gerald Q. Maguire Jr.},
	title = {Metron: {NFV} Service Chains at the True Speed of the Underlying Hardware},
	booktitle = {15th {USENIX} Symposium on Networked Systems Design and Implementation ({NSDI} 18)},
	year = {2018},
	isbn = {978-1-931971-43-0},
	address = {Renton, WA},
	pages = {171--186},
	publisher = {{USENIX} Association},
}

@article{anna,
	title={Anna: A KVS For Any Scale},
	author={Wu, Chenggang and Faleiro, Jose M and Lin, Yihan and Hellerstein, Joseph M},
	publisher={ICDE'18}
}

@inproceedings {smartnic,
	author = {Daniel Firestone and Andrew Putnam and Sambhrama Mundkur and Derek Chiou and Alireza Dabagh and Mike Andrewartha and Hari Angepat and Vivek Bhanu and Adrian Caulfield and Eric Chung and Harish Kumar Chandrappa and Somesh Chaturmohta and Matt Humphrey and Jack Lavier and Norman Lam and Fengfen Liu and Kalin Ovtcharov and Jitu Padhye and Gautham Popuri and Shachar Raindel and Tejas Sapre and Mark Shaw and Gabriel Silva and Madhan Sivakumar and Nisheeth Srivastava and Anshuman Verma and Qasim Zuhair and Deepak Bansal and Doug Burger and Kushagra Vaid and David A. Maltz and Albert Greenberg},
	title = {Azure Accelerated Networking: SmartNICs in the Public Cloud},
	booktitle = {15th {USENIX} Symposium on Networked Systems Design and Implementation ({NSDI} 18)},
	year = {2018},
	isbn = {978-1-931971-43-0},
	address = {Renton, WA},
	pages = {51--66},
	publisher = {{USENIX} Association},
}

@inproceedings {floem-osdi18,
	author = {Phitchaya Mangpo Phothilimthana and Ming Liu and Antoine Kaufmann and Simon Peter and Rastislav Bodik and Thomas Anderson},
	title = {Floem: A Programming System for NIC-Accelerated Network Applications},
	booktitle = {13th {USENIX} Symposium on Operating Systems Design and Implementation ({OSDI} 18)},
	year = {2018},
	isbn = {978-1-931971-47-8},
	address = {Carlsbad, CA},
	pages = {663--679},
	publisher = {{USENIX} Association},
}

@article{carbone2015apache,
	title={Apache flink: Stream and batch processing in a single engine},
	author={Carbone, Paris and Katsifodimos, Asterios and Ewen, Stephan and Markl, Volker and Haridi, Seif and Tzoumas, Kostas},
	journal={Bulletin of the IEEE Computer Society Technical Committee on Data Engineering},
	volume={36},
	number={4},
	year={2015},
	publisher={IEEE Computer Society}
}

@inproceedings{abadi2016tensorflow,
	title={TensorFlow: A System for Large-Scale Machine Learning.},
	author={Abadi, Mart{\'\i}n and Barham, Paul and Chen, Jianmin and Chen, Zhifeng and Davis, Andy and Dean, Jeffrey and Devin, Matthieu and Ghemawat, Sanjay and Irving, Geoffrey and Isard, Michael and others},
	booktitle={OSDI},
	volume={16},
	pages={265--283},
	year={2016}
}

@article{redis,
	title={Redis: Lightweight key/value store that goes the extra mile},
	author={Zawodny, Jeremy},
	journal={Linux Magazine},
	volume={79},
	year={2009}
}

@book{nodejs,
	title={Node. js 8 the Right Way: Practical, Server-side Javascript that Scales},
	author={Wilson, Jim},
	year={2018},
	publisher={Pragmatic Bookshelf}
}

@article{nginx,
	title={Nginx: the high-performance web server and reverse proxy},
	author={Reese, Will},
	journal={Linux Journal},
	volume={2008},
	number={173},
	pages={2},
	year={2008},
	publisher={Belltown Media}
}

@article{memcached,
	title={Distributed caching with memcached},
	author={Fitzpatrick, Brad},
	journal={Linux journal},
	volume={2004},
	number={124},
	pages={5},
	year={2004},
	publisher={Belltown Media}
}

@incollection{hoare1974monitors,
	title={Monitors: An operating system structuring concept},
	author={Hoare, Charles Antony Richard},
	booktitle={The origin of concurrent programming},
	pages={272--294},
	year={1974},
	publisher={Springer}
}


@inproceedings{neugebauer2018understanding,
	title={Understanding PCIe performance for end host networking},
	author={Neugebauer, Rolf and Antichi, Gianni and Zazo, Jos{\'e} Fernando and Audzevich, Yury and L{\'o}pez-Buedo, Sergio and Moore, Andrew W},
	booktitle={Proceedings of the 2018 Conference of the ACM Special Interest Group on Data Communication},
	pages={327--341},
	year={2018},
	organization={ACM}
}

@article{mittal2018revisiting,
	title={Revisiting Network Support for RDMA},
	author={Mittal, Radhika and Shpiner, Alexander and Panda, Aurojit and Zahavi, Eitan and Krishnamurthy, Arvind and Ratnasamy, Sylvia and Shenker, Scott},
	journal={arXiv preprint arXiv:1806.08159},
	year={2018}
}

@book{engler1995exokernel,
	title={Exokernel: An operating system architecture for application-level resource management},
	author={Engler, Dawson R and Kaashoek, M Frans and others},
	volume={29},
	number={5},
	year={1995},
	publisher={ACM}
}

@article{desendmsg,
	title={sendmsg copy avoidance with MSG\_ZEROCOPY},
	author={de Bruijn, Willem and Dumazet, Eric}
}

@misc{herbertrfs,
	title={rfs: receive flow steering, September 2010},
	author={Herbert, T}
}

@article{barroso2017attack,
	title={Attack of the killer microseconds},
	author={Barroso, Luiz and Marty, Mike and Patterson, David and Ranganathan, Parthasarathy},
	journal={Communications of the ACM},
	volume={60},
	number={4},
	pages={48--54},
	year={2017},
	publisher={ACM}
}

@article{infiniband2000infiniband,
  title={The Infiniband Architecture Specification},
  author={InfiniBand Trade Association and others},
  journal={http://www. infinibandta. org/specs/},
  year={2000}
}

@article{nginx-multi-thread,
  title={Thread Pools in NGINX Boost Performance 9x!},
  url={https://www.nginx.com/blog/thread-pools-boost-performance-9x/},
  year={2015}
}


@inproceedings{pesterev2012improving,
	title={Improving network connection locality on multicore systems},
	author={Pesterev, Aleksey and Strauss, Jacob and Zeldovich, Nickolai and Morris, Robert T},
	booktitle={Proceedings of the 7th ACM european conference on Computer Systems},
	pages={337--350},
	year={2012},
	organization={ACM}
}


@article{tcp-connection-repair,
	title={TCP connection repair},
	author={Jonathan Corbet},
	year={2012},
	url={https://lwn.net/Articles/495304/}
}

@article{reese2008nginx,
	title={Nginx: the high-performance web server and reverse proxy},
	author={Reese, Will},
	journal={Linux Journal},
	volume={2008},
	number={173},
	pages={2},
	year={2008},
	publisher={Belltown Media}
}

@article{fitzpatrick2004distributed,
	title={Distributed caching with memcached},
	author={Fitzpatrick, Brad},
	journal={Linux journal},
	volume={2004},
	number={124},
	pages={5},
	year={2004},
	publisher={Belltown Media}
}

@book{carlson2013redis,
	title={Redis in action},
	author={Carlson, Josiah L},
	year={2013},
	publisher={Manning Publications Co.}
}

@article{davidskbs,
	title={How SKBs work},
	author={David, Miller},
	journal={URL http://vger. kernel. org/\~{} davem/skb. html}
}

@inproceedings{pfaff2015design,
	title={The Design and Implementation of Open vSwitch.},
	author={Pfaff, Ben and Pettit, Justin and Koponen, Teemu and Jackson, Ethan J and Zhou, Andy and Rajahalme, Jarno and Gross, Jesse and Wang, Alex and Stringer, Joe and Shelar, Pravin and others},
	booktitle={NSDI},
	volume={15},
	pages={117--130},
	year={2015}
}

@inproceedings{pfefferle2015hybrid,
	title={A hybrid I/O virtualization framework for RDMA-capable network interfaces},
	author={Pfefferle, Jonas and Stuedi, Patrick and Trivedi, Animesh and Metzler, Bernard and Koltsidas, Ionnis and Gross, Thomas R},
	booktitle={ACM SIGPLAN Notices},
	volume={50},
	number={7},
	pages={17--30},
	year={2015},
	organization={ACM}
}

@inproceedings{mittal2015timely,
	title={TIMELY: RTT-based Congestion Control for the Datacenter},
	author={Mittal, Radhika and Dukkipati, Nandita and Blem, Emily and Wassel, Hassan and Ghobadi, Monia and Vahdat, Amin and Wang, Yaogong and Wetherall, David and Zats, David and others},
	booktitle={ACM SIGCOMM Computer Communication Review},
	volume={45},
	number={4},
	pages={537--550},
	year={2015},
	organization={ACM}
}

@misc{tcp-chimney-offload,
	title={Information about the TCP Chimney Offload},
	author={Microsoft Corporation},
	note={Available at \url{https://support.microsoft.com/en-us/help/951037/information-about-the-tcp-chimney-offload-receive-side-scaling-and-net}},
	year={2008}
}

@misc{iscsi-hba,
	title={iSCSI Host Adapter (HBA)},
	author={Wikipedia},
	note={Available at \url{https://en.wikipedia.org/wiki/Host_adapter}},
	year={2019}
}

@misc{lsolro,
	author={Jonathan Corbet},
	title={Large receive offload},
	note={Available at \url{https://lwn.net/Articles/243949/}},
	year={2007}
}

@misc{chuanxiong-rdma-keynote,
	author={Chuanxiong Guo},
	title={RDMA in Data Centers: Looking Back and Looking Forward},
	note={Keynote on ACM SIGCOMM APNet 2017, available at
	\url{http://sysnetome.com/Talks/chguo_apnet2017_keynote.pptx}},
	year={2017}
}

@misc{soft-roce,
	note={Available at \url{https://community.mellanox.com/s/article/howto-configure-soft-roce}},
	author={Mellanox Technologies},
	title={How To Configure Soft-RoCE},
	year={2018}
}

@article{thompson1997wide,
	title={Wide-area Internet traffic patterns and characteristics},
	author={Thompson, Kevin and Miller, Gregory J and Wilder, Rick},
	journal={IEEE network},
	volume={11},
	number={6},
	pages={10--23},
	year={1997},
	publisher={IEEE}
}