@misc{nitro-blog,
	title={AWS EC2 Virtualization 2017: Introducing Nitro},
	note={Available at \url{http://www.brendangregg.com/blog/2017-11-29/aws-ec2-virtualization-2017.html}},
	author={Brendan Gregg},
	year={2017}
}

@misc{nitro-web,
	title={Amazon EC2 Update â€“ Additional Instance Types, Nitro System, and CPU Options},
	note={Available at \url{https://aws.amazon.com/blogs/aws/amazon-ec2-update-additional-instance-types-nitro-system-and-cpu-options/}},
	author={Jeff Barr},
	year={2018}
}

@misc{nitro-talk,
	title={AWS EC2 Virtualization: Introducing Nitro},
	note={Available at \url{http://aws-de-media.s3.amazonaws.com/images/AWS_Summit_2018/June7/Alexandria/Introducing-Nitro.pdf}},
	author={Chris Schlaeger},
	year={2018}
}

@misc{annapurna,
	title={Amazon buys secretive chip maker Annapurna Labs for 350 million dollars},
	note={Available at \url{http://www.extremetech.com/computing/198140-amazon-buys-secretive-chip-maker-annapurna-labs-for-350-million}},
	author={Ryan Whitwam},
	year={2015}
}

@misc{netflix-aws,
	title={2 Million Packets Per Second on a Public Cloud Instance},
	note={Available at \url{http://techblog.cloudperf.net/2016/05/2-million-packets-per-second-on-public.html}},
	author={Amer Ather},
	year={2016}
}

@misc{aws-local-storage,
	title={3 Million Storage IOPS on AWS Cloud Instance},
	note={Available at \url{http://techblog.cloudperf.net/2017/04/3-million-storage-iops-on-aws-cloud.html}},
	author={Amer Ather},
	year={2017}
}

@inproceedings{li2016clicknp,
	title={Clicknp: Highly flexible and high performance network processing with reconfigurable hardware},
	author={Li, Bojie and Tan, Kun and Luo, Layong Larry and Peng, Yanqing and Luo, Renqian and Xu, Ningyi and Xiong, Yongqiang and Cheng, Peng and Chen, Enhong},
	booktitle={Proceedings of the 2016 ACM SIGCOMM Conference},
	pages={1--14},
	year={2016},
	organization={ACM}
}

@inproceedings{kaffes2019shinjuku,
	title={Shinjuku: Preemptive Scheduling for $\mu$second-scale Tail Latency},
	author={Kaffes, Kostis and Chong, Timothy and Humphries, Jack Tigar and Belay, Adam and Mazi{\`e}res, David and Kozyrakis, Christos},
	booktitle={16th $\{$USENIX$\}$ Symposium on Networked Systems Design and Implementation ($\{$NSDI$\}$ 19)},
	pages={345--360},
	year={2019}
}

@inproceedings{ousterhout2019shenango,
	title={Shenango: Achieving High $\{$CPU$\}$ Efficiency for Latency-sensitive Datacenter Workloads},
	author={Ousterhout, Amy and Fried, Joshua and Behrens, Jonathan and Belay, Adam and Balakrishnan, Hari},
	booktitle={16th $\{$USENIX$\}$ Symposium on Networked Systems Design and Implementation ($\{$NSDI$\}$ 19)},
	pages={361--378},
	year={2019}
}
