%A-
@article{Greenhalgh:2009:FPR:1517480.1517484,
 author = {Greenhalgh, Adam and Huici, Felipe and Hoerdt, Mickael and Papadimitriou, Panagiotis and Handley, Mark and Mathy, Laurent},
 title = {Flow Processing and the Rise of Commodity Network Hardware},
 journal = {ACM SIGCOMM CCR},
 issue_date = {April 2009},
 volume = {39},
 number = {2},
 month = mar,
 year = {2009},
 issn = {0146-4833},
 pages = {20--26},
 numpages = {7},
 url = {http://doi.acm.org/10.1145/1517480.1517484},
 doi = {10.1145/1517480.1517484},
 acmid = {1517484},
 keywords = {architecture, flow processing, internet, virtualization},
} 

@article{bluespec,
 author = {Nikhil, Rishiyur S. and Arvind},
 title = {What is Bluespec?},
 journal = {ACM SIGDA Newsletter},
 issue_date = {January 2009},
 volume = {39},
 number = {1},
 month = jan,
 year = {2009},
 issn = {0163-5743},
 pages = {1--1},
 numpages = {1},
 url = {http://doi.acm.org/10.1145/1862876.1862877},
 doi = {10.1145/1862876.1862877},
 acmid = {1862877},
} 

@inproceedings{Egi:2008:THP:1544012.1544032,
 author = {Egi, Norbert and Greenhalgh, Adam and Handley, Mark and Hoerdt, Mickael and Huici, Felipe and Mathy, Laurent},
 title = {Towards High Performance Virtual Routers on Commodity Hardware},
 booktitle = {Proc. ACM CoNEXT},
 year = {2008},
 isbn = {978-1-60558-210-8},
 location = {Madrid, Spain},
 url = {http://doi.acm.org/10.1145/1544012.1544032},
 doi = {10.1145/1544012.1544032},
 pages={20},
 acmid = {1544032},
} 


@inproceedings{routebricks,
 author = {Dobrescu, Mihai and Egi, Norbert and Argyraki, Katerina and Chun, Byung-Gon and Fall, Kevin and Iannaccone, Gianluca and Knies, Allan and Manesh, Maziar and Ratnasamy, Sylvia},
 title = {RouteBricks: Exploiting Parallelism to Scale Software Routers},
 booktitle = {Proc. ACM SOSP},
 year = {2009},
 pages={15--28},
 isbn = {978-1-60558-752-3},
 location = {Big Sky, Montana, USA},
 url = {http://doi.acm.org/10.1145/1629575.1629578},
 doi = {10.1145/1629575.1629578},
 acmid = {1629578},
 keywords = {multicore, parallelism, programmability, software router},
} 


@ARTICLE{para-priority, 
 author={Moon, S.-W. and Rexford, J. and Shin, K.G.}, 
 journal={Computers, IEEE Transactions on}, 
 title={Scalable hardware priority queue architectures for high-speed packet switches}, 
 year={2000}, 
 volume={49}, 
 number={11}, 
 pages={1215-1227}, 
 keywords={computational complexity;hardware description languages;packet switching;quality of service;queueing theory;Epoch silicon compiler;Verilog hardware description language;binary tree;comparators;high-speed packet switches;multiple first-in-first-out lists;packet-scheduling mechanisms;priority encoder;quality-of-service requirements;scalable hardware priority queue architectures;shift register;systolic array;tunable parameter;Binary trees;Buildings;Clocks;Hardware design languages;Packet switching;Quality of service;Shift registers;Silicon compiler;Switches;Systolic arrays}, 
 doi={10.1109/12.895938}, 
 ISSN={0018-9340}, 
 month={Nov},}

@ARTICLE{dependence, 
 author={Bernstein, A.J.}, 
 journal={IEEE Transactions on Electronic Computers}, 
 title={Analysis of Programs for Parallel Processing}, 
 year={1966}, 
 volume={EC-15}, 
 number={5}, 
 pages={757-763}, 
 keywords={Broadcasting;Concurrent computing;Differential equations;Flowcharts;Logic;Parallel processing;Programming profession;Time sharing computer systems}, 
 doi={10.1109/PGEC.1966.264565}, 
 ISSN={0367-7508}, 
 month={Oct},}

@inproceedings{fpga-vs-gpu,
	title={Blas comparison on fpga, cpu and gpu},
	author={Kestur, Srinidhi and Davis, John D and Williams, Oliver},
	booktitle={2010 IEEE computer society annual symposium on VLSI},
	pages={288--293},
	year={2010},
	organization={IEEE}
}

@inproceedings{rollback-mb,
	title={Rollback-recovery for middleboxes},
	author={Sherry, Justine and Gao, Peter Xiang and Basu, Soumya and Panda, Aurojit and Krishnamurthy, Arvind and Maciocco, Christian and Manesh, Maziar and Martins, Jo{\~a}o and Ratnasamy, Sylvia and Rizzo, Luigi and others},
	booktitle={ACM SIGCOMM Computer Communication Review},
	volume={45},
	number={4},
	pages={227--240},
	year={2015},
	organization={ACM}
}

@inproceedings{fpga-vs-gpu2,
	title={Comparing performance and energy efficiency of FPGAs and GPUs for high productivity computing},
	author={Betkaoui, Brahim and Thomas, David B and Luk, Wayne},
	booktitle={2010 International Conference on Field-Programmable Technology},
	pages={94--101},
	year={2010},
	organization={IEEE}
}

@inproceedings{comb,
	title={Design and implementation of a consolidated middlebox architecture},
	author={Sekar, Vyas and Egi, Norbert and Ratnasamy, Sylvia and Reiter, Michael K and Shi, Guangyu},
	booktitle={Presented as part of the 9th $\{$USENIX$\}$ Symposium on Networked Systems Design and Implementation ($\{$NSDI$\}$ 12)},
	pages={323--336},
	year={2012}
}

@ARTICLE{cuckoo, 
 author={Pagh, Rasmus and Rodler, Flemming Friche}, 
 journal={Algorithms - ESA 2001. Lecture Notes in Computer Science 2161}, 
 title={Cuckoo Hashing}, 
 year={2001}, 
}


@inproceedings{pfabric,
	title={pfabric: Minimal near-optimal datacenter transport},
	author={Alizadeh, Mohammad and Yang, Shuang and Sharif, Milad and Katti, Sachin and McKeown, Nick and Prabhakar, Balaji and Shenker, Scott},
	booktitle={ACM SIGCOMM Computer Communication Review},
	volume={43},
	number={4},
	pages={435--446},
	year={2013},
	organization={ACM}
}

@misc{aoc,
	title={{Altera SDK for OpenCL.}},
	note={http://www.altera.com/},
}


@misc{openmp,
	title={{OpenMP 4.5 Specifications.}},
	note={http://www.openmp.org/},
}

@misc{opencl,
	title={{The OpenCL Specifications ver 2.1.}},
	note={Khronos Group},
}

@misc{vivado,
	title={{Vivado Design Suite.}},
	note={http://www.xilinx.com/},
}

@misc{sdaccel,
	title={{SDAccel Development Environment.}},
	note={http://www.xilinx.com/},
}

@misc{cavium,
	title={{Cavium Networks OCTEON II processors.}},
	note={http://www.caviumnetworks.com},
}

@misc{netronome,
	title={{Netronome Flow Processor NFP-6xxx.}},
	note={https://netronome.com/product/nfp-6xxx/},
}

@article{duet,
	title={Duet: Cloud scale load balancing with hardware and software},
	author={Gandhi, Rohan and Liu, Hongqiang Harry and Hu, Y Charlie and Lu, Guohan and Padhye, Jitendra and Yuan, Lihua and Zhang, Ming},
	journal={ACM SIGCOMM Computer Communication Review},
	volume={44},
	number={4},
	pages={27--38},
	year={2015},
	publisher={ACM}
}

@inproceedings{ananta,
 title={Ananta: Cloud scale load balancing},
 author={Patel, Parveen and Bansal, Deepak and Yuan, Lihua and Murthy, Ashwin and Greenberg, Albert and Maltz, David A and Kern, Randy and Kumar, Hemant and Zikos, Marios and Wu, Hongyu and others},
 booktitle={ACM SIGCOMM Computer Communication Review},
 volume={43},
 number={4},
 pages={207--218},
 year={2013},
 organization={ACM}
}

@inproceedings{netfpga,
	title={NetFPGA: reusable router architecture for experimental research},
	author={Naous, Jad and Gibb, Glen and Bolouki, Sara and McKeown, Nick},
	booktitle={Proceedings of the ACM workshop on Programmable routers for extensible services of tomorrow},
	pages={1--7},
	year={2008},
	organization={ACM}
}

@inproceedings{packetshader,
title={PacketShader: a GPU-accelerated software router},
author={Han, Sangjin and Jang, Keon and Park, KyoungSoo and Moon, Sue},
journal={ACM SIGCOMM Computer Communication Review},
volume={41},
number={4},
pages={195--206},
year={2011},
publisher={ACM}
}


@inproceedings{vmware-multi-tenancy,
title={Network virtualization in multi-tenant datacenters},
author={Koponen, Teemu and Amidon, Keith and Balland, Peter and Casado, Mart{\'\i}n and Chanda, Anupam and Fulton, Bryan and Ganichev, Igor and Gross, Jesse and Ingram, Paul and Jackson, Ethan and others},
booktitle={11th $\{$USENIX$\}$ Symposium on Networked Systems Design and Implementation ($\{$NSDI$\}$ 14)},
pages={203--216},
year={2014}
}

@misc{smartnic,
	author={Albert Greenberg},
	title={{SDN for the Cloud}},
	note={Keynote at SIGCOMM 2015 (https://azure.microsoft.com/en-us/blog/microsoft-showcases-software-defined-networking-innovation-at-sigcomm-v2/)},
	year={2015}
}

@misc{albert-ons,
	author={Albert Greenberg},
	title={{Windows Azure: Scaling SDN in Public Cloud}},
	note={OpenNet Submit},
	year={2014}
}

@misc{mellanox-100g,
	title={{Introducing EDR 100GB/s - Enabling the Use of Data}},
	note={Mellanox White Paper},
	year={2014}
}


@inproceedings{martins2014clickos,
	title={ClickOS and the art of network function virtualization},
	author={Martins, Joao and Ahmed, Mohamed and Raiciu, Costin and Olteanu, Vladimir and Honda, Michio and Bifulco, Roberto and Huici, Felipe},
	booktitle={11th $\{$USENIX$\}$ Symposium on Networked Systems Design and Implementation ($\{$NSDI$\}$ 14)},
	pages={459--473},
	year={2014}
}

@misc{broadcomethernet,
	title={Ethernet Switch Series},
	note={Broadcom Trident II},
	year={2013}
}

@misc{broadcomopenflow,
	title={OpenFlow-Data Plane Abstraction Networking Software},
	note={Broadcom Corporation},
	year={2014}
}

@misc{alterafpgaarch,
	title={Stratix V Device Overview},
	note={Altera Corporation},
	year={2015}
}

@article{khronos2008opencl,
	title={The opencl specification},
	author={Khronos OpenCL Working Group and others},
	journal={version},
	volume={1},
	number={29},
	pages={8},
	year={2008}
}

@article{kohler2000click,
	title={The Click modular router},
	author={Kohler, Eddie and Morris, Robert and Chen, Benjie and Jannotti, John and Kaashoek, M Frans},
	journal={ACM Transactions on Computer Systems (TOCS)},
	volume={18},
	number={3},
	pages={263--297},
	year={2000},
	publisher={ACM}
}

@article{putnam2014reconfigurable,
	title={A reconfigurable fabric for accelerating large-scale datacenter services},
	author={Putnam, Andrew and Caulfield, Adrian M and Chung, Eric S and Chiou, Derek and Constantinides, Kypros and Demme, John and Esmaeilzadeh, Hadi and Fowers, Jeremy and Gopal, Gopi Prashanth and Gray, Jan and others},
	journal={ACM SIGARCH Computer Architecture News},
	volume={42},
	number={3},
	pages={13--24},
	year={2014},
	publisher={ACM}
}

@article{bacon2013fpga,
	title={FPGA programming for the masses},
	author={Bacon, David F and Rabbah, Rodric and Shukla, Sunil},
	journal={Communications of the ACM},
	volume={56},
	number={4},
	pages={56--63},
	year={2013},
	publisher={ACM}
}

@article{singh2011implementing,
	title={Implementing FPGA design with the OpenCL standard},
	author={Singh, Deshanand},
	journal={Altera whitepaper},
	year={2011}
}

@article{feist2012vivado,
	title={Vivado design suite},
	author={Feist, Tom},
	journal={Xilinx White Paper},
	year={2012}
}

@inproceedings{auerbach2010lime,
	title={Lime: a Java-compatible and synthesizable language for heterogeneous architectures},
	author={Auerbach, Joshua and Bacon, David F and Cheng, Perry and Rabbah, Rodric},
	booktitle={ACM SIGPLAN Notices},
	volume={45},
	number={10},
	pages={89--108},
	year={2010},
	organization={ACM}
}

@inproceedings{Click2NetFPGA,
	title={The click2netfpga toolchain},
	author={Rinta-Aho, Teemu and Karlstedt, Mika and Desai, Madhav P},
	booktitle={Presented as part of the 2012 $\{$USENIX$\}$ Annual Technical Conference ($\{$USENIX$\}$$\{$ATC$\}$ 12)},
	pages={77--88},
	year={2012}
}

@article{stratix2012device,
	title={Device Handbook, Volume 1: Device Interfaces and Integration},
	author={Stratix, V},
	journal={Altera, June},
	year={2012}
}

@inproceedings{czajkowski2012opencl,
	title={OpenCL for FPGAs: Prototyping a compiler},
	author={Czajkowski, Tomasz S and Neto, David and Kinsner, Michael and Aydonat, Utku and Wong, Jason and Denisenko, Dmitry and Yiannacouras, Peter and Freeman, John and Singh, Deshanand P and Brown, Stephen D},
	booktitle={Proceedings of the International Conference on Engineering of Reconfigurable Systems and Algorithms (ERSA)},
	pages={1},
	year={2012},
	organization={The Steering Committee of The World Congress in Computer Science, Computer}
}

@inproceedings{bai2014pias,
	title={PIAS: Practical information-agnostic flow scheduling for data center networks},
	author={Bai, Wei and Chen, Li and Chen, Kai and Han, Dongsu and Tian, Chen and Sun, Weicheng},
	booktitle={Proceedings of the 13th ACM Workshop on Hot Topics in Networks},
	pages={25},
	year={2014},
	organization={ACM}
}

@inproceedings{grosvenor2015queues,
	title={Queues Don’t Matter When You Can $\{$JUMP$\}$ Them!},
	author={Grosvenor, Matthew P and Schwarzkopf, Malte and Gog, Ionel and Watson, Robert NM and Moore, Andrew W and Hand, Steven and Crowcroft, Jon},
	booktitle={12th $\{$USENIX$\}$ Symposium on Networked Systems Design and Implementation ($\{$NSDI$\}$ 15)},
	pages={1--14},
	year={2015}
}

@article{pagh2004cuckoo,
	title={Cuckoo hashing},
	author={Pagh, Rasmus and Rodler, Flemming Friche},
	journal={Journal of Algorithms},
	volume={51},
	number={2},
	pages={122--144},
	year={2004},
	publisher={Elsevier}
}

@inproceedings{yu2013software,
	title={Software Defined Traffic Measurement with OpenSketch},
	author={Yu, Minlan and Jose, Lavanya and Miao, Rui},
	booktitle={Presented as part of the 10th $\{$USENIX$\}$ Symposium on Networked Systems Design and Implementation ($\{$NSDI$\}$ 13)},
	pages={29--42},
	year={2013}
}

@inproceedings{lockwood2007netfpga,
	title={NetFPGA--an open platform for gigabit-rate network switching and routing},
	author={Lockwood, John W and McKeown, Nick and Watson, Greg and Gibb, Glen and Hartke, Paul and Naous, Jad and Raghuraman, Ramanan and Luo, Jianying},
	booktitle={2007 IEEE International Conference on Microelectronic Systems Education (MSE'07)},
	pages={160--161},
	year={2007},
	organization={IEEE}
}

@inproceedings{rizzo2012netmap,
	title={Netmap: a novel framework for fast packet I/O},
	author={Rizzo, Luigi},
	booktitle={21st USENIX Security Symposium (USENIX Security 12)},
	pages={101--112},
	year={2012}
}

@article{inteldata,
	title={Data Plane Development Kit},
	note={Intel Corporation},
	journal={http://dpdk.org}
}

@inproceedings{yoshino2008performance,
	title={Performance optimization of TCP/IP over 10 gigabit ethernet by precise instrumentation},
	author={Yoshino, Takeshi and Sugawara, Yutaka and Inagami, Katsushi and Tamatsukuri, Junji and Inaba, Mary and Hiraki, Kei},
	booktitle={SC'08: Proceedings of the 2008 ACM/IEEE Conference on Supercomputing},
	pages={1--12},
	year={2008},
	organization={IEEE}
}

@article{mckeown2008openflow,
	title={OpenFlow: enabling innovation in campus networks},
	author={McKeown, Nick and Anderson, Tom and Balakrishnan, Hari and Parulkar, Guru and Peterson, Larry and Rexford, Jennifer and Shenker, Scott and Turner, Jonathan},
	journal={ACM SIGCOMM CCR},
	volume={38},
	number={2},
	pages={69--74},
	year={2008},
}

@article{bosshart2014p4,
	title={P4: Programming protocol-independent packet processors},
	author={Bosshart, Pat and Daly, Dan and Gibb, Glen and Izzard, Martin and McKeown, Nick and Rexford, Jennifer and Schlesinger, Cole and Talayco, Dan and Vahdat, Amin and Varghese, George and others},
	journal={ACM SIGCOMM CCR},
	volume={44},
	number={3},
	pages={87--95},
	year={2014},
}

@misc{xilinxsdnet,
	title={Xilinx SDNet: A New Way to Specify Network Hardware},
	author={Loring Wirbel},
	organization={Xilinx whitepaper},
	year={2014}
}

@misc{bourgeault2011alteras,
	title={Altera's partial reconfiguration flow},
	author={Bourgeault, Mark},
	year={2011},
	publisher={Altera, Tech. Rep}
}

@article{pagh2004cuckoo,
	title={Cuckoo hashing},
	author={Pagh, Rasmus and Rodler, Flemming Friche},
	journal={Journal of Algorithms},
	volume={51},
	number={2},
	pages={122--144},
	year={2004},
	publisher={Elsevier}
}

@inproceedings{roesch1999snort,
	title={Snort: Lightweight Intrusion Detection for Networks.},
	author={Roesch, Martin and others},
	booktitle={LISA},
	volume={99},
	number={1},
	pages={229--238},
	year={1999}
}


@article{jang2015silo,
	title={Silo: Predictable message latency in the cloud},
	author={Jang, Keon and Sherry, Justine and Ballani, Hitesh and Moncaster, Toby},
	journal={ACM SIGCOMM Computer Communication Review},
	volume={45},
	number={4},
	pages={435--448},
	year={2015},
	publisher={ACM}
}

@inproceedings{mittal2015timely,
	title={TIMELY: RTT-based Congestion Control for the Datacenter},
	author={Mittal, Radhika and Dukkipati, Nandita and Blem, Emily and Wassel, Hassan and Ghobadi, Monia and Vahdat, Amin and Wang, Yaogong and Wetherall, David and Zats, David and others},
	booktitle={ACM SIGCOMM Computer Communication Review},
	volume={45},
	number={4},
	pages={537--550},
	year={2015},
	organization={ACM}
}

@misc{ipset,
	title={Linux IP sets},
	note={http://ipset.netfilter.org/}
}

@article{gandhi2015duet,
	title={Duet: Cloud scale load balancing with hardware and software},
	author={Gandhi, Rohan and Liu, Hongqiang Harry and Hu, Y Charlie and Lu, Guohan and Padhye, Jitendra and Yuan, Lihua and Zhang, Ming},
	journal={ACM SIGCOMM Computer Communication Review},
	volume={44},
	number={4},
	pages={27--38},
	year={2015},
	publisher={ACM}
}

@misc{f5loadbalance,
	title={F5 load balancer},
	note={http://www.f5.com/}
}

@misc{strongswan,
	title={Strongswan IPSec-based VPN},
	note={https://www.strongswan.org/}
}

@misc{openssl,
	title={OpenSSL Cryptography and SSL/TLS Toolkit},
	note={https://www.openssl.org/}
}

@misc{lvs,
	title={Linux Virtual Server},
	note={http://www.linuxvirtualserver.org/}
}

@article{moon2000scalable,
	title={Scalable hardware priority queue architectures for high-speed packet switches},
	author={Moon, Sung-Whan and Rexford, Jennifer and Shin, Kang G},
	journal={IEEE Transactions on Computers},
	year={2000}
}

@inproceedings{bhagwan2000fast,
	title={Fast and scalable priority queue architecture for high-speed network switches},
	author={Bhagwan, Ranjita and Lin, Bill},
	booktitle={Proceedings IEEE INFOCOM 2000. Conference on Computer Communications. Nineteenth Annual Joint Conference of the IEEE Computer and Communications Societies (Cat. No. 00CH37064)},
	volume={2},
	pages={538--547},
	year={2000},
	organization={IEEE}
}

@article{brown1988calendar,
	title={Calendar queues: a fast 0 (1) priority queue implementation for the simulation event set problem},
	author={Brown, Randy},
	journal={Communications of the ACM},
	volume={31},
	number={10},
	pages={1220--1227},
	year={1988},
	publisher={ACM}
}



@article{tomasulo1967efficient,
	title={An efficient algorithm for exploiting multiple arithmetic units},
	author={Tomasulo, Robert M},
	journal={IBM Journal of research and Development},
	volume={11},
	number={1},
	pages={25--33},
	year={1967},
	publisher={IBM}
}

@inproceedings{lipmaa2000ctr,
	title={CTR-mode encryption},
	author={Lipmaa, Helger and Rogaway, Phillip and Wagner, David},
	booktitle={First NIST Workshop on Modes of Operation},
	volume={39},
	year={2000},
	organization={Citeseer}
}

@inproceedings{barbette2015fast,
	title={Fast userspace packet processing},
	author={Barbette, Tom and Soldani, Cyril and Mathy, Laurent},
	booktitle={2015 ACM/IEEE Symposium on Architectures for Networking and Communications Systems (ANCS)},
	pages={5--16},
	year={2015},
	organization={IEEE}
}

@inproceedings{bosshart2013forwarding,
	title={Forwarding metamorphosis: Fast programmable match-action processing in hardware for SDN},
	author={Bosshart, Pat and Gibb, Glen and Kim, Hun-Seok and Varghese, George and McKeown, Nick and Izzard, Martin and Mujica, Fernando and Horowitz, Mark},
	booktitle={ACM SIGCOMM CCR},
	volume={43},
	number={4},
	pages={99--110},
	year={2013},
}

@misc{dells6000,
	title={Dell Networking S6000 Spec Sheet},
	url={http://dell.com/}
}

@inproceedings{rubow2010chimpp,
	title={Chimpp: A click-based programming and simulation environment for reconfigurable networking hardware},
	author={Rubow, Erik and McGeer, Rick and Mogul, Jeff and Vahdat, Amin},
	booktitle={Proceedings of the 6th ACM/IEEE Symposium on Architectures for Networking and Communications Systems},
	pages={36},
	year={2010},
	organization={ACM}
}

@inproceedings{lavasani2012compiling,
	title={Compiling high throughput network processors},
	author={Lavasani, Maysam and Dennison, Larry and Chiou, Derek},
	booktitle={Proceedings of the ACM/SIGDA international symposium on Field Programmable Gate Arrays},
	pages={87--96},
	year={2012},
	organization={ACM}
}

@inproceedings {mqecn,
title={Enabling $\{$ECN$\}$ in Multi-Service Multi-Queue Data Centers},
author={Bai, Wei and Chen, Li and Chen, Kai and Wu, Haitao},
booktitle={13th $\{$USENIX$\}$ Symposium on Networked Systems Design and Implementation ($\{$NSDI$\}$ 16)},
pages={537--549},
year={2016}
}


@inproceedings{lee2015flosis,
	title={FloSIS: a highly scalable network flow capture system for fast retrieval and storage efficiency},
	author={Lee, Jihyung and Lee, Sungryoul and Lee, Junghee and Yi, Yung and Park, KyoungSoo},
	booktitle={2015 $\{$USENIX$\}$ Annual Technical Conference ($\{$USENIX$\}$$\{$ATC$\}$ 15)},
	pages={445--457},
	year={2015}
}

@incollection{nam2015haetae,
	title={Haetae: Scaling the Performance of Network Intrusion Detection with Many-Core Processors},
	author={Nam, Jaehyun and Jamshed, Muhammad and Choi, Byungkwon and Han, Dongsu and Park, KyoungSoo},
	booktitle={Research in Attacks, Intrusions, and Defenses},
	pages={89--110},
	year={2015},
	publisher={Springer}
}

@inproceedings{jiang2013scalable,
	title={Scalable ternary content addressable memory implementation using FPGAs},
	author={Jiang, Weirong},
	booktitle={Proceedings of the ninth ACM/IEEE symposium on Architectures for networking and communications systems},
	pages={71--82},
	year={2013},
	organization={IEEE Press}
}

@inproceedings{bachrach2012chisel,
	title={Chisel: constructing hardware in a scala embedded language},
	author={Bachrach, Jonathan and Vo, Huy and Richards, Brian and Lee, Yunsup and Waterman, Andrew and Avi{\v{z}}ienis, Rimas and Wawrzynek, John and Asanovi{\'c}, Krste},
	booktitle={DAC Design Automation Conference 2012},
	pages={1212--1221},
	year={2012},
	organization={IEEE}
}

@article{wester2015transformation,
	title={A transformation-based approach to hardware design using higher-order functions},
	author={Wester, Rinse},
	year={2015},
	publisher={Twente University Press}
}